@article{FSRCNN,
	author = {Dong, C. and Loy, C.C. and Tang, X.},
	document_type = {Conference Paper},
	doi = {10.1007/978-3-319-46475-6_25},
	journal = {Lecture Notes in Computer Science (including subseries Lecture Notes in Artificial Intelligence and Lecture Notes in Bioinformatics)},
	pages = {391--407},
	source = {Scopus},
	title = {Accelerating the super-resolution convolutional neural network},
	volume = {9906 LNCS},
	year = {2016}
}

@article{SRCNN,
	art_number = {7115171},
	author = {Dong, C. and Loy, C.C. and He, K. and Tang, X.},
	document_type = {Article},
	doi = {10.1109/TPAMI.2015.2439281},
	journal = {IEEE Transactions on Pattern Analysis and Machine Intelligence},
	number = {2},
	pages = {295--307},
	source = {Scopus},
	title = {Image Super-Resolution Using Deep Convolutional Networks},
	volume = {38},
	year = {2016}
}

@article{pSRCNN,
	author = {Dong, C. and Loy, C.C. and He, K. and Tang, X.},
	document_type = {Conference Paper},
	doi = {10.1007/978-3-319-10593-2_13},
	journal = {Lecture Notes in Computer Science (including subseries Lecture Notes in Artificial Intelligence and Lecture Notes in Bioinformatics)},
	number = {Part 4},
	pages = {184--199},
	source = {Scopus},
	title = {Learning a deep convolutional network for image super-resolution},
	volume = {8692 LNCS},
	year = {2014}
}

@inproceedings{IRCNN,
	author = {Zhang, K. and Zuo, W. and Gu, S. and Zhang, L.},
	document_type = {Conference Paper},
	doi = {10.1109/CVPR.2017.300},
	journal = {Proceedings - 30th IEEE Conference on Computer Vision and Pattern Recognition, CVPR 2017},
	pages = {2808--2817},
	source = {Scopus},
	title = {Learning deep CNN denoiser prior for image restoration},
	volume = {2017-January},
	year = {2017}
}

@article{DBLP:DEEPSISR,
	archiveprefix = {arXiv},
	author = {Yang, Wenming and Zhang, Xuechen and Tian, Yapeng and Wang, Wei and Xue, Jing-Hao},
	bibsource = {dblp computer science bibliography, https://dblp.org},
	eprint = {1808.03344},
	journal = {CoRR},
	timestamp = {Wed, 17 Apr 2019 14:54:57 +0200},
	title = {Deep Learning for Single Image Super-Resolution: {A} Brief Review},
	url = {http://arxiv.org/abs/1808.03344; https://dblp.org/rec/bib/journals/corr/abs-1808-03344},
	volume = {abs/1808.03344},
	year = {2018}
}

@article{DBLP:SISR,
	archiveprefix = {arXiv},
	author = {Anwar, Saeed and Khan, Salman and Barnes, Nick},
	bibsource = {dblp computer science bibliography, https://dblp.org},
	biburl = {https://dblp.org/rec/bib/journals/corr/abs-1904-07523},
	eprint = {1904.07523},
	journal = {CoRR},
	timestamp = {Fri, 26 Apr 2019 13:18:53 +0200},
	title = {A Deep Journey into Super-resolution: {A} survey},
	url = {http://arxiv.org/abs/1904.07523},
	volume = {abs/1904.07523},
	year = {2019}
}

@article{DBLP:DEEPNR,
	archiveprefix = {arXiv},
	author = {Tian, Chunwei and Xu, Yong and Fei, Lunke and Yan, Ke},
	bibsource = {dblp computer science bibliography, https://dblp.org},
	biburl = {https://dblp.org/rec/bib/journals/corr/abs-1810-05052},
	eprint = {1810.05052},
	journal = {CoRR},
	timestamp = {Tue, 09 Jul 2019 08:39:43 +0200},
	title = {Deep Learning for Image Denoising: {A} Survey},
	url = {http://arxiv.org/abs/1810.05052},
	volume = {abs/1810.05052},
	year = {2018}
}

@misc{KERAS,
	author = {Chollet, Fran{\c c}ois and others},
	howpublished = {\url{https://keras.io}},
	title = {Keras},
	year = {2015}
}

@inproceedings{SET5,
	author = {Bevilacqua, Marco and Roumy, Aline and Guillemot, Christine and Alberi-Morel, Marie-Line},
	booktitle = {BMVC},
	title = {Low-Complexity Single-Image Super-Resolution based on Nonnegative Neighbor Embedding},
	year = {2012}
}

@misc{SET14,
	author = {Zeyde, Roman and Elad, Michael and Protter, Matan},
	title = {On single image scale-up using sparse-representations,'' Curves and Surfaces},
	year = {2012}
}

@inproceedings{BSDS,
	author = {Martin, D. and Fowlkes, C. and Tal, D. and Malik, J.},
	booktitle = {Proc. 8th Int'l Conf. Computer Vision},
	month = {July},
	pages = {416--423},
	title = {A Database of Human Segmented Natural Images and its Application to Evaluating Segmentation Algorithms and Measuring Ecological Statistics},
	volume = {2},
	year = {2001}
}

@article{T91,
	author = {Yang, Jianchao and Wright, John and {S. Huang}, Thomas and Yu, Lei},
	doi = {10.1109/TIP.2010.2050625},
	journal = {Image Processing, IEEE Transactions on},
	month = {12},
	pages = {2861--2873},
	title = {Image Super-Resolution Via Sparse Representation},
	volume = {19},
	year = {2010}
}

@inproceedings{SISRBENCH,
	author = {Yang, Chih-Yuan and Ma, Chao and Yang, Ming-Hsuan},
	booktitle = {ECCV},
	title = {Single-Image Super-Resolution: A Benchmark},
	year = {2014}
}

@article{DL1,
	archiveprefix = {arXiv},
	author = {Schmidhuber, J{\"u}rgen},
	bibsource = {dblp computer science bibliography, https://dblp.org},
	biburl = {https://dblp.org/rec/bib/journals/corr/Schmidhuber14},
	eprint = {1404.7828},
	journal = {CoRR},
	timestamp = {Mon, 13 Aug 2018 16:47:28 +0200},
	title = {Deep Learning in Neural Networks: An Overview},
	url = {http://arxiv.org/abs/1404.7828},
	volume = {abs/1404.7828},
	year = {2014}
}

@article{DL2,
	adsnote = {Provided by the SAO/NASA Astrophysics Data System},
	adsurl = {https://ui.adsabs.harvard.edu/abs/2015Natur.521..436L},
	author = {{Lecun}, Y. and {Bengio}, Y. and {Hinton}, G.},
	doi = {10.1038/nature14539},
	journal = {nat},
	month = may,
	pages = {436--444},
	title = {Deep learning},
	volume = 521,
	year = 2015
}

@inproceedings{RELU,
	acmid = {3104425},
	address = {USA},
	author = {Nair, Vinod and Hinton, Geoffrey E.},
	booktitle = {Proceedings of the 27th International Conference on International Conference on Machine Learning},
	isbn = {978-1-60558-907-7},
	location = {Haifa, Israel},
	numpages = {8},
	pages = {807--814},
	publisher = {Omnipress},
	series = {ICML'10},
	title = {Rectified Linear Units Improve Restricted Boltzmann Machines},
	url = {http://dl.acm.org/citation.cfm?id=3104322.3104425},
	year = {2010}
}

@misc{STANFORD,
	howpublished = {\url{http://vision.stanford.edu/teaching/cs231n/}},
	note = {Accessed: 2019-07-07},
	title = {Stanford University CS231n: Convolutional Neural Networks for Visual Recognition.}
}

